@book {GuckenheimerHolmes,
author = { Guckenheimer, John and Holmes, Philip },
title = { Nonlinear Oscillations, Dynamical Systems, and Bifurcations of Vector Fields },
edition = { 3. print., rev. and corr. } ,
publisher = {Springer},
isbn = {3540908196},
isbn = {0387908196},
isbn = {9780387908199},
isbn = {9783540908197},
year = {1990},
booktitle = { Nonlinear Oscillations, Dynamical Systems, and Bifurcations of Vector Fields },
address = { New York },
doi = { 10.1007/978-1-4612-1140-2 },
url = { https://link.springer.com/book/10.1007/978-1-4612-1140-2 }
}

@book {Verhulst,
  title={Nonlinear Differential Equations and Dynamical Systems},
  author={Ferdinand Verhulst},
  publisher = {Springer},
  year={1989},
  isbn = {978-3-540-60934-6},
  doi = {10.1007/978-3-642-61453-8}
}

@book {Arnold,
	title= {Ordinary Differential Equations},
	author = {Vladimir Arnold},
	publisher = {Springer},
	isbn = {978-3-540-34563-3},
	url = {https://link.springer.com/book/9783540345633},
	year = {1992}
}

@book{Strogatz,
  title={Nonlinear Dynamics and Chaos: With Applications to Physics, Biology, Chemistry and Engineering},
  author={Steven Strogatz},
  series={Studies in nonlinearity},
  year={2000},
  publisher={Westview}
}

@book{Chicone,
	title={Ordinary Differential Equations with Applications},
	author={Carmen Chicone},
	year={1999},
	publisher={Springer},
	doi={10.1007/b97645},
	issn = {2196-9949},
	isbn={978-0-387-22623-1}
}

@phdthesis{PalisPhd,
	title = {On Morse-Smale Diffeomorphisms},
	author= {J. Palis},
	school = {UC Berkely},
	year = {1967}
}

@article{Palis,
	title = {On Morse-Smale dynamical systems},
	author = {J. Palis},
	journal = {Topology},
	volume = {8},
	pages = {385-404},
	year = {1969}
}

@article{BreunningHaller,
	author = {T. Breuuning and G. Haller},
	title = {When does a periodic response exist in a periodic forced multi-degree-of-freedom mechanical system?},
	journal = {Nonlinear Dynamics},
	volume = {98},
	issue = {3},
	url = {https://doi.org/10.1007/s11071-019-05284-z},
	doi = {10.1007/s11071-019-05284-z},
	year = {2019},
	pages = {1761-1780}
}
